<record><leader>00000cas a2200000 a 4500</leader><controlfield tag="001">9656288</controlfield><controlfield tag="008">830629d18551863inudn ne      0   a0eng c</controlfield><datafield ind1=" " ind2=" " tag="010"><subfield code="a">sn 83025614 </subfield></datafield><datafield ind1=" " ind2=" " tag="040"><subfield code="a">NPV</subfield><subfield code="b">eng</subfield><subfield code="c">NPV</subfield><subfield code="d">NPI</subfield><subfield code="d">DLC</subfield><subfield code="d">NVF</subfield><subfield code="d">DLC</subfield><subfield code="d">CUI</subfield><subfield code="d">OCLCQ</subfield><subfield code="d">OCLCF</subfield></datafield><datafield ind1="1" ind2=" " tag="029"><subfield code="a">AU@</subfield><subfield code="b">000025816111</subfield></datafield><datafield ind1=" " ind2=" " tag="042"><subfield code="a">pcc</subfield></datafield><datafield ind1=" " ind2=" " tag="043"><subfield code="a">n-us-in</subfield></datafield><datafield ind1=" " ind2=" " tag="045"><subfield code="a">w4x-</subfield></datafield><datafield ind1="0" ind2="0" tag="050"><subfield code="a">Newspaper</subfield></datafield><datafield ind1=" " ind2=" " tag="052"><subfield code="a">4093</subfield><subfield code="b">J5</subfield></datafield><datafield ind1="0" ind2=" " tag="130"><subfield code="a">Daily evening courier (Madison, Ind.)</subfield></datafield><datafield ind1="1" ind2="4" tag="245"><subfield code="a">The daily evening courier.</subfield></datafield><datafield ind1=" " ind2=" " tag="260"><subfield code="a">Madison, Ind. :</subfield><subfield code="b">M.C. Garber,</subfield><subfield code="c">1855-1863.</subfield></datafield><datafield ind1=" " ind2=" " tag="300"><subfield code="a">8 v. :</subfield><subfield code="b">ill. (chiefly advertisements) ;</subfield><subfield code="c">68 cm.</subfield></datafield><datafield ind1=" " ind2=" " tag="310"><subfield code="a">Daily (except Sunday)</subfield></datafield><datafield ind1="0" ind2=" " tag="362"><subfield code="a">Vol. 7, no. 1 (May 2, 1855)-v. 14, no. 261 (Mar. 2, 1863).</subfield></datafield><datafield ind1=" " ind2=" " tag="500"><subfield code="a">"A leading supporter of the newly formed Republican party." Cf. J.W. Miller. Indiana newspaper bibliography.</subfield></datafield><datafield ind1=" " ind2=" " tag="500"><subfield code="a">Editor: May 2, 1855-Mar. 2, 1860, M.C. Garber.</subfield></datafield><datafield ind1=" " ind2=" " tag="530"><subfield code="a">Also issued on microfilm from the Library of Congress, Photoduplication Service.</subfield></datafield><datafield ind1=" " ind2=" " tag="580"><subfield code="a">Weekly eds.: Dollar weekly courier (Madison, Ind. : 1855), 1855-1863, and: Weekly courier (Madison, Ind.), 1863.</subfield></datafield><datafield ind1=" " ind2="0" tag="651"><subfield code="a">Madison (Ind.)</subfield><subfield code="v">Newspapers.</subfield></datafield><datafield ind1=" " ind2="7" tag="655"><subfield code="a">Newspapers.</subfield><subfield code="2">fast</subfield><subfield code="0">(OCoLC)fst01423814</subfield></datafield><datafield ind1=" " ind2="7" tag="651"><subfield code="a">Indiana</subfield><subfield code="z">Madison.</subfield><subfield code="2">fast</subfield><subfield code="0">(OCoLC)fst01237191</subfield></datafield><datafield ind1="1" ind2=" " tag="700"><subfield code="a">Garber, M. C.</subfield><subfield code="q">(Michael C.)</subfield></datafield><datafield ind1=" " ind2=" " tag="752"><subfield code="a">United States</subfield><subfield code="b">Indiana</subfield><subfield code="c">Jefferson</subfield><subfield code="d">Madison.</subfield></datafield><datafield ind1="1" ind2=" " tag="775"><subfield code="t">Dollar weekly courier (Madison, Ind. : 1855)</subfield><subfield code="w">(DLC)sn 85048042</subfield></datafield><datafield ind1="1" ind2=" " tag="775"><subfield code="t">Weekly courier (Madison, Ind.)</subfield><subfield code="w">(DLC)sn 85048059</subfield></datafield><datafield ind1="0" ind2="8" tag="776"><subfield code="i">Online version:</subfield><subfield code="t">Daily evening courier (Madison, Ind. : Online)</subfield><subfield code="w">(OCoLC)192107240</subfield></datafield><datafield ind1="0" ind2="0" tag="780"><subfield code="t">Madison daily courier (Madison, Ind. : 1849)</subfield><subfield code="w">(DLC)sn 84037936</subfield></datafield><datafield ind1="0" ind2="0" tag="785"><subfield code="t">Madison daily courier (Madison, Ind. : 1863)</subfield><subfield code="w">(DLC)sn 85048035</subfield></datafield></record>